@book{陆亚明2023数学分析入门,
	title={数学分析入门},
	author={陆亚明},
	publisher={高等教育出版社},
	year={2023},
}
@book{丘维声2015近世代数,
	title={近世代数},
	author={丘维声},
	publisher={北京大学出版社},
	year={2015},
}
